<collection xmlns="http://www.loc.gov/MARC21/slim">
<record>
  <leader>01538nam0a2200241 i 450 </leader>
  <controlfield tag="001">IT\ICCU\CNCE\039328</controlfield>
  <controlfield tag="005">20120905000000.0</controlfield>
  <datafield tag="012" ind1=" " ind2=" ">
    <subfield code="a">a.a- o.lo a.le cose (3) 1550 (R)</subfield>
    <subfield code="2">fei</subfield>
  </datafield>
  <datafield tag="100" ind1=" " ind2=" ">
    <subfield code="a">19981031d1550        0itac0103    ba</subfield>
  </datafield>
  <datafield tag="101" ind1=" " ind2=" ">
    <subfield code="a">ITA</subfield>
  </datafield>
  <datafield tag="102" ind1=" " ind2=" ">
    <subfield code="a">IT</subfield>
  </datafield>
  <datafield tag="200" ind1="1" ind2=" ">
    <subfield code="a">Opera nuoua intitolata Dificio di recette, nella quale si contengono tre vtilissimi recettarij. Nel primo se tratta di molte et diuerse virtu. Nel secondo se insegna a comporre varie sorti de soaui et vtili odori. Nel terzo et vltimo si tratta di alcuni rimedi secreti medicinali necessari in risanar li corpi humani, come nella tauola se contiene</subfield>
  </datafield>
  <datafield tag="210" ind1=" " ind2=" ">
    <subfield code="a">\Venezia</subfield>
    <subfield code="c">Francesco Bindoni il vecchio e Maffeo Pasini!</subfield>
    <subfield code="d">1550</subfield>
    <subfield code="e">Stampata in Vineggia</subfield>
    <subfield code="g">per Francesco Bindoni</subfield>
    <subfield code="h">et Mapheo Pasini compagni</subfield>
    <subfield code="h">1550 del mese di mazo</subfield>
  </datafield>
  <datafield tag="215" ind1=" " ind2=" ">
    <subfield code="a">29 \i.e. 30!, \2! c.</subfield>
    <subfield code="c">ill.</subfield>
    <subfield code="d">8ʻ</subfield>
  </datafield>
  <datafield tag="517" ind1="1" ind2=" ">
    <subfield code="3">IT\ICCU\CNCE\077579</subfield>
    <subfield code="a">Dificio di ricette</subfield>
  </datafield>
  <datafield tag="620" ind1=" " ind2=" ">
    <subfield code="a">IT</subfield>
    <subfield code="d">Venezia</subfield>
  </datafield>
  <datafield tag="712" ind1="0" ind2="0">
    <subfield code="a">Bindoni, Francesco &lt;1.&gt; &amp; Pasini, Maffeo</subfield>
    <subfield code="3">IT\ICCU\CNCT\000060</subfield>
    <subfield code="4">650</subfield>
  </datafield>
  <datafield tag="791" ind1="0" ind2="2">
    <subfield code="a">℗al segno dell&apos;℗Angelo Raffaele</subfield>
    <subfield code="c"> &lt;1531-1546&gt;</subfield>
    <subfield code="3">IT\ICCU\CNCT\002984</subfield>
    <subfield code="z">Bindoni, Francesco &lt;1.&gt; &amp; Pasini, Maffeo</subfield>
  </datafield>
  <datafield tag="801" ind1=" " ind2="3">
    <subfield code="a">IT</subfield>
    <subfield code="b">ICCU</subfield>
    <subfield code="c">20201114</subfield>
  </datafield>
  <datafield tag="899" ind1=" " ind2=" ">
    <subfield code="a">Biblioteca universitaria. Bologna</subfield>
    <subfield code="1">BO0098</subfield>
    <subfield code="2">UBO BU</subfield>
  </datafield>
  <datafield tag="899" ind1=" " ind2=" ">
    <subfield code="a">British Library. London</subfield>
    <subfield code="1">UK0001</subfield>
  </datafield>
  <datafield tag="911" ind1=" " ind2=" ">
    <subfield code="a">Sul front.</subfield>
    <subfield code="9">IT\ICCU\CNCM\000285</subfield>
  </datafield>
  <datafield tag="921" ind1=" " ind2=" ">
    <subfield code="a">IT\ICCU\CNCM\000285</subfield>
    <subfield code="b">Arcangelo Raffaele e Tobiolo (angelo che tiene accanto a s ̌un bambino con un pesce). A sinistra un cane</subfield>
    <subfield code="c">Z90</subfield>
    <subfield code="d">Dimensioni: 4,8 x 5,6</subfield>
    <subfield code="f">ARCANGELO</subfield>
    <subfield code="f">CANE</subfield>
    <subfield code="f">PESCE</subfield>
    <subfield code="f">BAMBINO</subfield>
    <subfield code="g">[non prima del 1523]-1556</subfield>
  </datafield>
</record>
</collection>
